@article{deductive1,
  author    = "C. Cordell Green",
  title     = "Application of theorem proving to problem solving",
  journal   = "IJCAI",
  year      = 1969,
  pages     = {219--240},
}

@article{Zohar,
 author     = "Zohar Manna, Richard J. Waldinger",
 title      = "Toward automatic program synthesis",
 journal    = "Commun. ACM",
 year       = 1971,
 pages      = {151--165}
}

@inproceedings{Shaw,
 author = {Shaw, David E. and Swartout, William R. and Green, C. Cordell},
 title = {Inferring LISP Programs from Examples},
 booktitle = {Proceedings of the 4th International Joint Conference on Artificial Intelligence - Volume 1},
 series = {IJCAI'75},
 year = {1975},
 location = {Tblisi, USSR},
 pages = {260--267},
 numpages = {8},
 url = {http://dl.acm.org/citation.cfm?id=1624626.1624666},
 acmid = {1624666},
 publisher = {Morgan Kaufmann Publishers Inc.},
 address = {San Francisco, CA, USA}
}

@phdthesis{Solar-Lezama,
 author = {Solar-Lezama, Armando},
 advisor = {Bodik, Rastislav},
 title = {Program Synthesis by Sketching},
 year = {2008},
 isbn = {978-1-109-09745-0},
 note = {AAI3353225},
 publisher = {University of California at Berkeley},
 address = {Berkeley, CA, USA},
} 


@article{Lambda2,
 author = {Feser, John K. and Chaudhuri, Swarat and Dillig, Isil},
 title = {Synthesizing Data Structure Transformations from Input-output},
 journal = {SIGPLAN Not.},
 issue_date = {June 2015},
 volume = {50},
 number = {6},
 year = {2015},
 issn = {0362-1340},
 pages = {229--239},
 numpages = {11},
 url = {http://doi.acm.org/10.1145/2813885.2737977},
 doi = {10.1145/2813885.2737977},
 acmid = {2737977},
 publisher = {ACM},
 address = {New York, NY, USA},
 keywords = {Program synthesis, automated deduction, data transformations, programming by example, search-based synthesis},
} 

@article{Lambda2,
 author = {Feser, John K. and Chaudhuri, Swarat and Dillig, Isil},
 title = {Synthesizing Data Structure Transformations from Input-output Examples},
 journal = {SIGPLAN Not.},
 issue_date = {June 2015},
 volume = {50},
 number = {6},
 year = {2015},
 issn = {0362-1340},
 pages = {229--239},
 numpages = {11},
 url = {http://doi.acm.org/10.1145/2813885.2737977},
 doi = {10.1145/2813885.2737977},
 acmid = {2737977},
 publisher = {ACM},
 address = {New York, NY, USA},
 keywords = {Program synthesis, automated deduction, data transformations, programming by example, search-based synthesis},
} 

@inproceedings{FlashFill,
 author = "Gulwani, Sumit",
 title = {Automating String Processing in Spreadsheets Using Input-output Examples},
 booktitle = {Proceedings of the 38th Annual ACM SIGPLAN-SIGACT Symposium on Principles of Programming Languages},
 series = {POPL '11},
 year = {2011},
 isbn = {978-1-4503-0490-0},
 location = {Austin, Texas, USA},
 pages = {317--330},
 numpages = {14},
 url = {http://doi.acm.org/10.1145/1926385.1926423},
 doi = {10.1145/1926385.1926423},
 acmid = {1926423},
 publisher = {ACM},
 address = {New York, NY, USA},
 keywords = {program synthesis, programming by example (pbe), spreadsheet programming, string manipulation, user intent, version space algebra},
} 


@inproceedings{setl,
 author = {Schwartz, J. T.},
 title = {Automatic Data Structure Choice in a Language of Very High Level},
 booktitle = {Proceedings of the 2Nd ACM SIGACT-SIGPLAN Symposium on Principles of Programming Languages},
 series = {POPL '75},
 year = {1975},
 location = {Palo Alto, California},
 pages = {36--40},
 numpages = {5},
 url = {http://doi.acm.org/10.1145/512976.512981},
 doi = {10.1145/512976.512981},
 acmid = {512981},
 publisher = {ACM},
 address = {New York, NY, USA},
 keywords = {automatic programming, data structure choice, high level languages, program optimization, set-theoretic languages},
}

@inproceedings{RelC,
 author = {Hawkins, Peter and Aiken, Alex and Fisher, Kathleen and Rinard, Martin and Sagiv, Mooly},
 title = {Data Representation Synthesis},
 booktitle = {Proceedings of the 32Nd ACM SIGPLAN Conference on Programming Language Design and Implementation},
 series = {PLDI '11},
 year = {2011},
 isbn = {978-1-4503-0663-8},
 location = {San Jose, California, USA},
 pages = {38--49},
 numpages = {12},
 url = {http://doi.acm.org/10.1145/1993498.1993504},
 doi = {10.1145/1993498.1993504},
 acmid = {1993504},
 publisher = {ACM},
 address = {New York, NY, USA},
 keywords = {composite data structures, synthesis},
} 

@inproceedings{Cozy,
   author = {Calvin Loncaric and Emina Torlak and Michael D. Ernst},
   title = {Fast synthesis of fast collections},
   booktitle = {PLDI 2016: Proceedings of the {ACM} {SIGPLAN} 2016
  Conference on Programming Language Design and Implementation},
   pages = {355-368},
   year = {2016}
}

@TechReport{parsec2001, 
   Author = {Leijen, Daan},
   Title = {Parsec, a fast combinator parser},
   Number = {35},
   Institution = {Department of Computer Science, University of Utrecht (RUU)},
   Month = {October},
   Year = {2001}
} 

@article{Jha,
 author = {Jha, Susmit and Seshia, Sanjit A.},
 title = {A Theory of Formal Synthesis via Inductive Learning},
 journal = {Acta Inf.},
 issue_date = {November  2017},
 volume = {54},
 number = {7},
 month = nov,
 year = {2017},
 issn = {0001-5903},
 pages = {693--726},
 numpages = {34},
 url = {https://doi.org/10.1007/s00236-017-0294-5},
 doi = {10.1007/s00236-017-0294-5},
 acmid = {3155994},
 publisher = {Springer-Verlag New York, Inc.},
 address = {Secaucus, NJ, USA},
} 

@article{ProgramSynthesis,
 author = {S. Gulwani, O. Polozov, and R. Singh},
 title = {Program Synthesis},
 journal = {Foundations  and  Trends  in  Programming Languages},
 volume = {4},
 number = {1-2},
 month = jun,
 year = {2017},
 pages = {1--119},
 numpages = {119},
 publisher = {Now Publishers Inc.},
 address = {Hanover, MA, USA},
} 

@inproceedings{SyGuS, 
    author={R. Alur and R. Bodik and G. Juniwal and M. M. K. Martin and M. Raghothaman and S. A. Seshia and R. Singh and A. Solar-Lezama and E. Torlak and A. Udupa}, 
    booktitle={2013 Formal Methods in Computer-Aided Design}, 
    title={Syntax-guided synthesis}, 
    year={2013}, 
    volume={}, 
    number={}, 
    pages={1-8}, 
    keywords={automatic programming;computational linguistics;formal specification;program verification;CEGIS;SyGuS;computational problem;counter-example-guided-inductive-synthesis strategy;logical formula;logical specification;program optimization;program verification;program-synthesis problem;semantic correctness specification;syntactic template;syntax-guided synthesis problem;Concrete;Grammar;Heuristic algorithms;Libraries;Production;Search problems;Syntactics}, 
    doi={10.1109/FMCAD.2013.6679385}, 
    ISSN={}, 
    month={Oct},
}

@inproceedings{SyGuScomp15,
  author    = {Rajeev Alur and
               Dana Fisman and
               Rishabh Singh and
               Armando Solar{-}Lezama},
  title     = {Results and Analysis of SyGuS-Comp'15},
  booktitle = {Proceedings Fourth Workshop on Synthesis, {SYNT} 2015, San Francisco,
               CA, USA, 18th July 2015.},
  pages     = {3--26},
  year      = {2015},
  crossref  = {DBLP:journals/corr/CernyKM16},
  url       = {https://doi.org/10.4204/EPTCS.202.3},
  doi       = {10.4204/EPTCS.202.3},
  timestamp = {Wed, 14 Jun 2017 01:00:00 +0200},
  biburl    = {https://dblp.org/rec/bib/journals/corr/AlurFSS16},
  bibsource = {dblp computer science bibliography, https://dblp.org}
}

@inproceedings{SyGuScomp16,
  author    = {Rajeev Alur and
               Dana Fisman and
               Rishabh Singh and
               Armando Solar{-}Lezama},
  title     = {SyGuS-Comp 2016: Results and Analysis},
  booktitle = {Proceedings Fifth Workshop on Synthesis, SYNT@CAV 2016, Toronto, Canada,
               July 17-18, 2016.},
  pages     = {178--202},
  year      = {2016},
  crossref  = {DBLP:journals/corr/PiskacD16},
  url       = {https://doi.org/10.4204/EPTCS.229.13},
  doi       = {10.4204/EPTCS.229.13},
  timestamp = {Wed, 14 Jun 2017 01:00:00 +0200},
  biburl    = {https://dblp.org/rec/bib/journals/corr/AlurFSS16a},
  bibsource = {dblp computer science bibliography, https://dblp.org}
}

@inproceedings{SyGuScomp17,
  author    = {Rajeev Alur and
               Dana Fisman and
               Rishabh Singh and
               Armando Solar{-}Lezama},
  title     = {SyGuS-Comp 2017: Results and Analysis},
  booktitle = {Proceedings Sixth Workshop on Synthesis, SYNT@CAV 2017, Heidelberg,
               Germany, 22nd July 2017.},
  pages     = {97--115},
  year      = {2017},
  crossref  = {DBLP:journals/corr/abs-1711-10224},
  url       = {https://doi.org/10.4204/EPTCS.260.9},
  doi       = {10.4204/EPTCS.260.9},
  timestamp = {Thu, 08 Feb 2018 14:09:57 +0100},
  biburl    = {https://dblp.org/rec/bib/journals/corr/abs-1711-11438},
  bibsource = {dblp computer science bibliography, https://dblp.org}
}

@article{Bentley1977,
    author = {Bentley, J. L.},
    citeulike-article-id = {7680093},
    journal = {Unpublished manuscript, Dept of Comp Sci, Carnegie-Mellon University, Pittsburgh PA},
    posted-at = {2010-08-20 04:26:10},
    priority = {0},
    title = {{Solutions to Klee's rectangle problems}},
    year = {1977}
}

@article{Fenwick,
 author = {Fenwick, Peter M.},
 title = {A New Data Structure for Cumulative Frequency Tables},
 journal = {Softw. Pract. Exper.},
 issue_date = {March 1994},
 volume = {24},
 number = {3},
 month = mar,
 year = {1994},
 issn = {0038-0644},
 pages = {327--336},
 numpages = {10},
 url = {http://dx.doi.org/10.1002/spe.4380240306},
 doi = {10.1002/spe.4380240306},
 acmid = {182416},
 publisher = {John Wiley \& Sons, Inc.},
 address = {New York, NY, USA},
 keywords = {arithmetic coding, binary indexed tree, cumulative frequencies},
} 

@article{RootDec,
author = {Kent, Carmel and M Landau, Gad and Ziv-Ukelson, Michal},
year = {2006},
month = {07},
pages = {1013-27},
title = {On the Complexity of Sparse Exon Assembly},
volume = {13},
booktitle = {Journal of computational biology : a journal of computational molecular cell biology}
}

@article{Milner,
  author    = {Robin Milner},
  title     = {A Theory of Type Polymorphism in Programming},
  journal   = {J. Comput. Syst. Sci.},
  volume    = {17},
  number    = {3},
  pages     = {348--375},
  year      = {1978},
  url       = {https://doi.org/10.1016/0022-0000(78)90014-4},
  doi       = {10.1016/0022-0000(78)90014-4},
  timestamp = {Sat, 20 May 2017 01:00:00 +0200},
  biburl    = {https://dblp.org/rec/bib/journals/jcss/Milner78},
  bibsource = {dblp computer science bibliography, https://dblp.org}
}
