@article{deductive1,
  author    = "C. Cordell Green",
  title     = "Application of theorem proving to problem solving",
  journal   = "IJCAI",
  year      = 1969,
  pages     = {219--240},
}

@article{Zohar,
 author     = "Zohar Manna, Richard J. Waldinger",
 title      = "Toward automatic program synthesis",
 journal    = "Commun. ACM",
 year       = 1971,
 pages      = {151--165}
}

@inproceedings{Shaw,
 author = {Shaw, David E. and Swartout, William R. and Green, C. Cordell},
 title = {Inferring LISP Programs from Examples},
 booktitle = {Proceedings of the 4th International Joint Conference on Artificial Intelligence - Volume 1},
 series = {IJCAI'75},
 year = {1975},
 location = {Tblisi, USSR},
 pages = {260--267},
 numpages = {8},
 url = {http://dl.acm.org/citation.cfm?id=1624626.1624666},
 acmid = {1624666},
 publisher = {Morgan Kaufmann Publishers Inc.},
 address = {San Francisco, CA, USA}
}

@phdthesis{Solar-Lezama,
 author = {Solar-Lezama, Armando},
 advisor = {Bodik, Rastislav},
 title = {Program Synthesis by Sketching},
 year = {2008},
 isbn = {978-1-109-09745-0},
 note = {AAI3353225},
 publisher = {University of California at Berkeley},
 address = {Berkeley, CA, USA},
} 


@article{Lambda2,
 author = {Feser, John K. and Chaudhuri, Swarat and Dillig, Isil},
 title = {Synthesizing Data Structure Transformations from Input-output},
 journal = {SIGPLAN Not.},
 issue_date = {June 2015},
 volume = {50},
 number = {6},
 year = {2015},
 issn = {0362-1340},
 pages = {229--239},
 numpages = {11},
 url = {http://doi.acm.org/10.1145/2813885.2737977},
 doi = {10.1145/2813885.2737977},
 acmid = {2737977},
 publisher = {ACM},
 address = {New York, NY, USA},
 keywords = {Program synthesis, automated deduction, data transformations, programming by example, search-based synthesis},
} 

@article{Lambda2,
 author = {Feser, John K. and Chaudhuri, Swarat and Dillig, Isil},
 title = {Synthesizing Data Structure Transformations from Input-output Examples},
 journal = {SIGPLAN Not.},
 issue_date = {June 2015},
 volume = {50},
 number = {6},
 year = {2015},
 issn = {0362-1340},
 pages = {229--239},
 numpages = {11},
 url = {http://doi.acm.org/10.1145/2813885.2737977},
 doi = {10.1145/2813885.2737977},
 acmid = {2737977},
 publisher = {ACM},
 address = {New York, NY, USA},
 keywords = {Program synthesis, automated deduction, data transformations, programming by example, search-based synthesis},
} 

@inproceedings{FlashFill,
 author = "Gulwani, Sumit",
 title = {Automating String Processing in Spreadsheets Using Input-output Examples},
 booktitle = {Proceedings of the 38th Annual ACM SIGPLAN-SIGACT Symposium on Principles of Programming Languages},
 series = {POPL '11},
 year = {2011},
 isbn = {978-1-4503-0490-0},
 location = {Austin, Texas, USA},
 pages = {317--330},
 numpages = {14},
 url = {http://doi.acm.org/10.1145/1926385.1926423},
 doi = {10.1145/1926385.1926423},
 acmid = {1926423},
 publisher = {ACM},
 address = {New York, NY, USA},
 keywords = {program synthesis, programming by example (pbe), spreadsheet programming, string manipulation, user intent, version space algebra},
} 


@inproceedings{setl,
 author = {Schwartz, J. T.},
 title = {Automatic Data Structure Choice in a Language of Very High Level},
 booktitle = {Proceedings of the 2Nd ACM SIGACT-SIGPLAN Symposium on Principles of Programming Languages},
 series = {POPL '75},
 year = {1975},
 location = {Palo Alto, California},
 pages = {36--40},
 numpages = {5},
 url = {http://doi.acm.org/10.1145/512976.512981},
 doi = {10.1145/512976.512981},
 acmid = {512981},
 publisher = {ACM},
 address = {New York, NY, USA},
 keywords = {automatic programming, data structure choice, high level languages, program optimization, set-theoretic languages},
}

@inproceedings{RelC,
 author = {Hawkins, Peter and Aiken, Alex and Fisher, Kathleen and Rinard, Martin and Sagiv, Mooly},
 title = {Data Representation Synthesis},
 booktitle = {Proceedings of the 32Nd ACM SIGPLAN Conference on Programming Language Design and Implementation},
 series = {PLDI '11},
 year = {2011},
 isbn = {978-1-4503-0663-8},
 location = {San Jose, California, USA},
 pages = {38--49},
 numpages = {12},
 url = {http://doi.acm.org/10.1145/1993498.1993504},
 doi = {10.1145/1993498.1993504},
 acmid = {1993504},
 publisher = {ACM},
 address = {New York, NY, USA},
 keywords = {composite data structures, synthesis},
} 

@inproceedings{Cozy,
   author = {Calvin Loncaric and Emina Torlak and Michael D. Ernst},
   title = {Fast synthesis of fast collections},
   booktitle = {PLDI 2016: Proceedings of the {ACM} {SIGPLAN} 2016
    Conference on Programming Language Design and Implementation},
   pages = {355-368},
   year = {2016}
}
